<record><leader>00000cas a22000007a 4500</leader><controlfield tag="001">11581008</controlfield><controlfield tag="008">850115c198u9999txuwr ne      0   a0eng d</controlfield><datafield ind1=" " ind2=" " tag="010"><subfield code="a">sn 85000205 </subfield></datafield><datafield ind1=" " ind2=" " tag="040"><subfield code="a">NSD</subfield><subfield code="b">eng</subfield><subfield code="c">NSD</subfield><subfield code="d">OCLCQ</subfield></datafield><datafield ind1=" " ind2=" " tag="012"><subfield code="m">1</subfield></datafield><datafield ind1="1" ind2=" " tag="022"><subfield code="a">8750-6025</subfield><subfield code="l">8750-6025</subfield><subfield code="2">1</subfield></datafield><datafield ind1=" " ind2=" " tag="032"><subfield code="a">732910</subfield><subfield code="b">USPS</subfield></datafield><datafield ind1=" " ind2=" " tag="037"><subfield code="b">Orange Grove Tribune, P.O. Box 531, Orange Grove, TX 78372</subfield></datafield><datafield ind1=" " ind2=" " tag="042"><subfield code="a">nsdp</subfield></datafield><datafield ind1=" " ind2="0" tag="222"><subfield code="a">Orange Grove tribune</subfield></datafield><datafield ind1="0" ind2="0" tag="245"><subfield code="a">Orange Grove tribune.</subfield></datafield><datafield ind1=" " ind2=" " tag="260"><subfield code="a">Orange Grove, Tex. :</subfield><subfield code="b">Steve's Printing Service</subfield></datafield><datafield ind1=" " ind2=" " tag="310"><subfield code="a">Weekly</subfield></datafield><datafield ind1=" " ind2=" " tag="588"><subfield code="a">Description based on: Vol. 1, no. 25 (Thursday, Nov. 29, 1984).</subfield></datafield><datafield ind1=" " ind2=" " tag="752"><subfield code="a">United States</subfield><subfield code="b">Texas</subfield><subfield code="c">Jim Wells</subfield><subfield code="d">Orange Grove.</subfield></datafield><datafield ind1=" " ind2=" " tag="936"><subfield code="a">Nov. 29, 1984</subfield></datafield><datafield ind1="1" ind2=" " tag="029"><subfield code="a">AU@</subfield><subfield code="b">000025838770</subfield></datafield></record>